<record><leader>00000cas a2200000 a 4500</leader><controlfield tag="001">33942376</controlfield><controlfield tag="007">hd bfu---baat</controlfield><controlfield tag="007">hd afu---bact</controlfield><controlfield tag="008">951219d19271994nbuwr nea     0    0eng d</controlfield><datafield ind1=" " ind2=" " tag="010"><subfield code="a">sn 95073514 </subfield></datafield><datafield ind1=" " ind2=" " tag="040"><subfield code="a">NVG</subfield><subfield code="b">eng</subfield><subfield code="c">NVG</subfield><subfield code="d">OCL</subfield><subfield code="d">OCLCQ</subfield></datafield><datafield ind1=" " ind2=" " tag="042"><subfield code="a">msc</subfield></datafield><datafield ind1=" " ind2=" " tag="043"><subfield code="a">n-us-nb</subfield></datafield><datafield ind1="0" ind2=" " tag="130"><subfield code="a">Scribner rustler (Scribner, Neb. : 1927)</subfield></datafield><datafield ind1="1" ind2="4" tag="245"><subfield code="a">The Scribner rustler.</subfield></datafield><datafield ind1=" " ind2=" " tag="260"><subfield code="a">Scribner, Neb. :</subfield><subfield code="b">Emil O. Holub,</subfield><subfield code="c">1927-1994.</subfield></datafield><datafield ind1=" " ind2=" " tag="300"><subfield code="a">volumes</subfield></datafield><datafield ind1=" " ind2=" " tag="310"><subfield code="a">Weekly</subfield></datafield><datafield ind1=" " ind2=" " tag="336"><subfield code="a">text</subfield><subfield code="b">txt</subfield><subfield code="2">rdacontent</subfield></datafield><datafield ind1=" " ind2=" " tag="337"><subfield code="a">microform</subfield><subfield code="b">h</subfield><subfield code="2">rdamedia</subfield></datafield><datafield ind1=" " ind2=" " tag="338"><subfield code="a">microfilm reel</subfield><subfield code="b">hd</subfield><subfield code="2">rdacarrier</subfield></datafield><datafield ind1="0" ind2=" " tag="362"><subfield code="a">Vol. 33, no. 2 (Dec. 8, 1927)-v. 101, no. 21 (Aug. 31, 1994).</subfield></datafield><datafield ind1=" " ind2=" " tag="515"><subfield code="a">Issues for Mar. 29, 1928-Mar. 11, 1954 also called v. 45, no. 7-v. 67, no. 2.</subfield></datafield><datafield ind1=" " ind2=" " tag="515"><subfield code="a">Numbering dropped with Mar. 18, 1954; resumed with v. 65, no. 2, Jan. 8, 1959.</subfield></datafield><datafield ind1=" " ind2=" " tag="515"><subfield code="a">Issues for Jan. 8, 1959-Aug. 31, 1994 also called v. 75, no. 2-v. 111, no. 21.</subfield></datafield><datafield ind1=" " ind2=" " tag="580"><subfield code="a">Merged with: Hooper sentinel, to form: Rustler-sentinel.</subfield></datafield><datafield ind1=" " ind2=" " tag="533"><subfield code="a">Microfilm.</subfield><subfield code="m">1927-1994:[Lacks Oct. 10,1968]</subfield><subfield code="b">Lincoln, Neb. :</subfield><subfield code="c">Nebraska State Historical Society,</subfield><subfield code="d">1975-1994.</subfield><subfield code="e">26 microfilm reels ; 35 mm.</subfield></datafield><datafield ind1=" " ind2="0" tag="651"><subfield code="a">Scribner (Neb.)</subfield><subfield code="v">Newspapers.</subfield></datafield><datafield ind1=" " ind2=" " tag="752"><subfield code="a">United States</subfield><subfield code="b">Nebraska</subfield><subfield code="c">Dodge</subfield><subfield code="d">Scribner.</subfield></datafield><datafield ind1="0" ind2="0" tag="780"><subfield code="t">Scribner rustler and the Scribner news consolidated</subfield><subfield code="w">(DLC)sn 95073513</subfield></datafield><datafield ind1="1" ind2="7" tag="785"><subfield code="t">Hooper sentinel</subfield><subfield code="w">(DLC)sn 95073347</subfield></datafield><datafield ind1="1" ind2="7" tag="785"><subfield code="t">Rustler-sentinel</subfield><subfield code="w">(DLC)sn 95073348</subfield></datafield><datafield ind1="1" ind2=" " tag="029"><subfield code="a">AU@</subfield><subfield code="b">000012146716</subfield></datafield></record>